@article{Pearson:2017,
  	url = {http://adsabs.harvard.edu/abs/2017arXiv170304627P},
  	Archiveprefix = {arXiv},
  	Author = {{Pearson}, S. and {Price-Whelan}, A.~M. and {Johnston}, K.~V.},
  	Eprint = {1703.04627},
  	Journal = {ArXiv e-prints},
  	Keywords = {Astrophysics - Astrophysics of Galaxies},
  	Month = mar,
  	Title = {{Gaps in Globular Cluster Streams: Pal 5 and the Galactic Bar}},
  	Year = 2017
}

@book{Binney:2008,
  	url = {http://adsabs.harvard.edu/abs/2008gady.book.....B},
  	Author = {{Binney}, J. and {Tremaine}, S.},
  	Booktitle = {Galactic Dynamics: Second Edition, by James Binney and Scott Tremaine.~ISBN 978-0-691-13026-2 (HB).~Published by Princeton University Press, Princeton, NJ USA, 2008.},
  	Publisher = {Princeton University Press},
  	Title = {{Galactic Dynamics: Second Edition}},
  	Year = 2008
}

@article{gaia,
    author = {{Gaia Collaboration}},
    title = "{The Gaia mission}",
    journal = {Astronomy and Astrophysics},
    archivePrefix = "arXiv",
    eprint = {1609.04153},
    primaryClass = "astro-ph.IM",
    keywords = {space vehicles: instruments, Galaxy: structure, astrometry, parallaxes, proper motions, telescopes},
    year = 2016,
    month = nov,
    volume = 595,
    doi = {10.1051/0004-6361/201629272},
    url = {http://adsabs.harvard.edu/abs/2016A%26A...595A...1G},
}

@article{astropy,
    author = {{Astropy Collaboration}},
    title = "{Astropy: A community Python package for astronomy}",
    journal = {Astronomy and Astrophysics},
    archivePrefix = "arXiv",
    eprint = {1307.6212},
    primaryClass = "astro-ph.IM",
    keywords = {methods: data analysis, methods: miscellaneous, virtual observatory tools},
    year = 2013,
    month = oct,
    volume = 558,
    doi = {10.1051/0004-6361/201322068},
    url = {http://adsabs.harvard.edu/abs/2013A%26A...558A..33A}
}

@misc{fidgit,
  author = {A. M. Smith and K. Thaney and M. Hahnel},
  title = {Fidgit: An ungodly union of GitHub and Figshare},
  year = {2020},
  publisher = {GitHub},
  journal = {GitHub repository},
  url = {https://github.com/arfon/fidgit}
}

@article{chen2020dual,
  title={Dual-path transformer network: Direct context-aware modeling for end-to-end monaural speech separation},
  author={Chen, Jingjing and Mao, Qirong and Liu, Dong},
  journal={arXiv preprint arXiv:2007.13975},
  year={2020}
}
@inproceedings{sarkar21_interspeech,
  author={Saurjya Sarkar and Emmanouil Benetos and Mark Sandler},
  title={{Vocal Harmony Separation Using Time-Domain Neural Networks}},
  year=2021,
  booktitle={Proc. Interspeech 2021},
  pages={3515--3519},
  doi={10.21437/Interspeech.2021-1531}
}
@inproceedings{petermann2020deep,
  title={Deep learning based source separation applied to choir ensembles},
  author={Petermann, Darius and Chandna, Pritish and Cuesta, Helena and Bonada, Jordi and G{\'o}mez Guti{\'e}rrez, Emilia},
  booktitle={Proc. of the 21st International Society for Music Information Retrieval Conference (ISMIR)},
  year={2020},

}
@MastersThesis{gover2019score,
  title={Score-informed source separation of choral music},
  author={Gover, Matan and Depalle, Philippe},
  year={2019},
  school={McGill University}
}
@inproceedings{yu2017permutation,
  title={Permutation invariant training of deep models for speaker-independent multi-talker speech separation},
  author={Yu, Dong and Kolb{\ae}k, Morten and Tan, Zheng-Hua and Jensen, Jesper},
  booktitle={2017 IEEE International Conference on Acoustics, Speech and Signal Processing (ICASSP)},
  pages={241--245},
  year={2017},
  organization={IEEE}
}
@inproceedings{goto2002rwc,
  title={RWC Music Database: Popular, Classical and Jazz Music Databases.},
  author={Goto, Masataka and Hashiguchi, Hiroki and Nishimura, Takuichi and Oka, Ryuichi},
  booktitle={Ismir},
  volume={2},
  pages={287--288},
  year={2002}
}
@article{cano2018musical,
  title={Musical source separation: An introduction},
  author={Cano, Estefania and FitzGerald, Derry and Liutkus, Antoine and Plumbley, Mark D and St{\"o}ter, Fabian-Robert},
  journal={IEEE Signal Processing Magazine},
  volume={36},
  number={1},
  pages={31--40},
  year={2018},
  publisher={IEEE}
}
@article{luo2019conv,
  title={Conv-tasnet: Surpassing ideal time--frequency magnitude masking for speech separation},
  author={Luo, Yi and Mesgarani, Nima},
  journal={IEEE/ACM transactions on audio, speech, and language processing},
  volume={27},
  number={8},
  pages={1256--1266},
  year={2019},
  publisher={IEEE}
}